@inproceedings{kelly2004goal,
  title={The goal structuring notation--a safety argument notation},
  author={Kelly, Tim and Weaver, Rob},
  booktitle={Proceedings of the dependable systems and networks 2004 workshop on assurance cases},
  volume={6},
  year={2004},
  organization={Citeseer}
}
@article{palin2011iso,
  title={{ISO 26262 safety cases: Compliance and assurance}},
  author={Palin, Rob and Ward, David and Habli, Ibrahim and Rivett, Roger},
  year={2011},
  publisher={IET}
}